% Encoding: UTF-8

@InProceedings{lit:1,
  author    = {{Sch√ºthe}, T. and {Albounyan}, A. and {Riemschneider}, K.},
  booktitle = {Sensors Applications Symposium (SAS)},
  date      = {2019-05-06},
  title     = {Two-Dimensional Characterization and Simplified Simulation Procedure for Tunnel Magnetoresistive Angle Sensors},
  doi       = {10.1109/SAS.2019.8706125},
  eventdate = {2019-03-13},
  publisher = {IEEE},
  pubstate  = {Online},
  url       = {https://ieeexplore.ieee.org/document/8706125},
  urldate   = {2020-10-05},
  keywords  = {trusted, paper},
  year      = {2019},
}

@Manual{lit:2,
  author    = {{Johnson}, R.},
  date      = {2014-03-27},
  title     = {MATLAB Style Guidlines 2.0},
  publisher = {MATLAB Central File Exchange},
  pubstate  = {Online},
  url       = {https://de.mathworks.com/matlabcentral/fileexchange/46056-matlab-style-guidelines-2-0},
  urldate   = {2020-09-21},
  version   = {2},
  keywords  = {trusted, hosted, manual},
  year      = {2014},
}

@Online{lit:3,
  author   = {Bitbucket},
  date     = {2020-12-13},
  editor   = {ATLASSIAN},
  title    = {Feature Branch Workflow in Git},
  url      = {https://www.atlassian.com/de/git/tutorials/comparing-workflows/feature-branch-workflow},
  pubstate = {Online},
  urldate  = {2020-09-10},
  keywords = {trusted, webpage},
  year     = {2020},
}

@Comment{jabref-meta: databaseType:biblatex;}
